@article{chandak2019car,
  title={Car Price Prediction Using Machine Learning},
  author={Chandak, Ashish and Ganorkar, Prajwal and Sharma, Shyam and Bagmar, Ayushi and Tiwari, Soumya},
  journal={International Journal of Computer Sciences and Engineering},
  volume={7},
  number={5},
  pages={444--450},
  year={2019}
}
@article{gegic2019car,
  title={Car price prediction using machine learning techniques},
  author={Gegic, Enis and Isakovic, Becir and Keco, Dino and Masetic, Zerina and Kevric, Jasmin},
  journal={TEM Journal},
  volume={8},
  number={1},
  pages={113},
  year={2019},
  publisher={UIKTEN-Association for Information Communication Technology Education and~â€¦}
}